@article{Hola,
    author = "Perez, Fulano and Juarez, Sutano",
    title = "Fuzzy Logic and bla bla bla ",
    journal = "Ecology today!",
    volume = 10,
    year = 1994,
}


@phdthesis{cesarthesis,
	author = "Torres Miranda, César Andrés",
	year = 2014,
	title = "Importancia de los ensambles de especies y de los procesos geológico-climáticos
en la comprensión de los mecanismos de evolución de la sección Lobatae del
género Quercus en América del Norte",
	school = "Instituto de Investigaciones en Ecología, Universidad Nacional Autónoma de México",
	country = "México",
}